# Real Analysis
@book {baby-rudin,
    AUTHOR = {Rudin, Walter},
     TITLE = {Principles of mathematical analysis},
 PUBLISHER = {McGraw-Hill Book Company, Inc., New York-Toronto-London},
      YEAR = {1953},
     PAGES = {ix+227},
   MRCLASS = {27.2X},
  MRNUMBER = {0055409 (14,1070c)},
MRREVIEWER = {U. S. Haslam-Jones},
  BOEKCODE = {26-01},
}

# axler 
@BOOK{axler,
  title     = "Linear Algebra Done Right",
  author    = "Axler, Sheldon",
  publisher = "Springer International Publishing",
  series    = "Undergraduate texts in mathematics",
  edition   =  3,
  month     =  nov,
  year      =  2014,
  address   = "Cham, Switzerland",
  language  = "en"
}

# mcmt
@BOOK{Levin2017-aj,
  title     = "Markov chains and mixing times",
  author    = "Levin, David and Peres, Yuval",
  publisher = "American Mathematical Society",
  year      =  2017,
  address   = "Providence, RI"
}

# schneider
@book{schneider_2013, 
	place={Cambridge}, 
	edition={2}, 
	series={Encyclopedia of Mathematics and its Applications},
	title={Convex Bodies: The Brunnâ€“Minkowski Theory},
	DOI={10.1017/CBO9781139003858},
	publisher={Cambridge University Press},
	author={Schneider, Rolf},
	year={2013}, 
	collection={Encyclopedia of Mathematics and its Applications}
}

# hug weil
@book{Hug2020,
  doi = {10.1007/978-3-030-50180-8},
  url = {https://doi.org/10.1007/978-3-030-50180-8},
  year = {2020},
  publisher = {Springer International Publishing},
  author = {Daniel Hug and Wolfgang Weil},
  title = {Lectures on Convex Geometry}
}

# two combinatorial applications

@article{Stanley1981TwoCA,
  title={Two Combinatorial Applications of the Aleksandrov-Fenchel Inequalities},
  author={Richard P. Stanley},
  journal={J. Comb. Theory, Ser. A},
  year={1981},
  volume={31},
  pages={56-65}
}

# order polytope

@article{Stanley1986,
  doi = {10.1007/bf02187680},
  url = {https://doi.org/10.1007/bf02187680},
  year = {1986},
  month = mar,
  publisher = {Springer Science and Business Media {LLC}},
  volume = {1},
  number = {1},
  pages = {9--23},
  author = {Richard P. Stanley},
  title = {Two poset polytopes},
  journal = {Discrete Computational Geometry}
}

# bochner

@misc{bochner,
  doi = {10.48550/ARXIV.1811.08710},
  url = {https://arxiv.org/abs/1811.08710},
  author = {Shenfeld, Yair and van Handel, Ramon},
  keywords = {Metric Geometry (math.MG), Differential Geometry (math.DG), Functional Analysis (math.FA), Spectral Theory (math.SP), FOS: Mathematics, FOS: Mathematics, 52A39, 52A40, 58J50},
  title = {Mixed volumes and the Bochner method},
  publisher = {arXiv},
  year = {2018},
  copyright = {arXiv.org perpetual, non-exclusive license}
}

$ oxley
@book{oxley,
author = {Oxley, James G.},
title = {Matroid Theory (Oxford Graduate Texts in Mathematics)},
year = {2006},
isbn = {0199202508},
publisher = {Oxford University Press, Inc.},
address = {USA}
}

$ where I got my picture
@article{article,
author = {Soprunov, Ivan and Soprunova, Evgenia},
year = {2008},
month = {02},
pages = {},
title = {Toric surface codes and Minkowski length of polygons}
}

@ falconer 
@BOOK{Falconer,
  title     = "Fractal geometry",
  author    = "Falconer, Kenneth",
  publisher = "John Wiley \& Sons",
  edition   =  3,
  month     =  jan,
  year      =  2014,
  address   = "Nashville, TN",
  language  = "en"
}

# Stein

@BOOK{stein,
  title     = "Real analysis",
  author    = "Stein, Elias M and Shakarchi, Rami",
  publisher = "Princeton University Press",
  series    = "Princeton lectures in analysis",
  month     =  mar,
  year      =  2005,
  address   = "Princeton, NJ",
  language  = "en"
}

$ gardner

@ARTICLE{Gardner,
    author = {R. J. Gardner},
    title = {The Brunn-Minkowski Inequality},
    journal = {Bulletin of the American Mathematical Society, Volume 39, Number},
    year = {},
    pages = {355--405}
}